@misc{ref:lambdacdm,
  author       = {Wikipedia},
  title        = {Lambda-CDM model},
  month        = {January},
  year         = {2022},
  howpublished = {\url{https://en.wikipedia.org/wiki/Lambda-CDM_model}}
}

@misc{ref:powerspectrum,
  author       = {Wikipedia},
  title        = {Matter power spectrum},
  month        = {September},
  year         = {2021},
  howpublished = {\url{https://en.wikipedia.org/wiki/Matter_power_spectrum}}
}

@article{ref:xxlsurvey,
  author        = {{Adami}, C. and {Giles}, P. and {Koulouridis}, E. and {Pacaud}, F. and {Caretta}, C.~A. and {Pierre}, M. and {Eckert}, D. and {Ramos-Ceja}, M.~E. and {Gastaldello}, F. and {Fotopoulou}, S. and {Guglielmo}, V. and {Lidman}, C. and {Sadibekova}, T. and {Iovino}, A. and {Maughan}, B. and {Chiappetti}, L. and {Alis}, S. and {Altieri}, B. and {Baldry}, I. and {Bottini}, D. and {Birkinshaw}, M. and {Bremer}, M. and {Brown}, M. and {Cucciati}, O. and {Driver}, S. and {Elmer}, E. and {Ettori}, S. and {Evrard}, A.~E. and {Faccioli}, L. and {Granett}, B. and {Grootes}, M. and {Guzzo}, L. and {Hopkins}, A. and {Horellou}, C. and {Lef{\`e}vre}, J.~P. and {Liske}, J. and {Malek}, K. and {Marulli}, F. and {Maurogordato}, S. and {Owers}, M. and {Paltani}, S. and {Poggianti}, B. and {Polletta}, M. and {Plionis}, M. and {Pollo}, A. and {Pompei}, E. and {Ponman}, T. and {Rapetti}, D. and {Ricci}, M. and {Robotham}, A. and {Tuffs}, R. and {Tasca}, L. and {Valtchanov}, I. and {Vergani}, D. and {Wagner}, G. and {Willis}, J. and {XXL Consortium}},
  title         = {{The XXL Survey. XX. The 365 cluster catalogue}},
  journal       = {Astronomy \& Astrophysics},
  keywords      = {Astrophysics - Cosmology and Nongalactic Astrophysics, Astrophysics - Astrophysics of Galaxies, galaxies: clusters: general, large-scale structure of Universe, galaxies: groups: general, galaxies: clusters: intracluster medium, Astrophysics - Cosmology and Nongalactic Astrophysics, Astrophysics - Astrophysics of Galaxies},
  year          = 2018,
  month         = nov,
  volume        = {620},
  eid           = {A5},
  pages         = {A5},
  doi           = {10.1051/0004-6361/201731606},
  archiveprefix = {arXiv},
  eprint        = {1810.03849},
  primaryclass  = {astro-ph.CO},
  adsurl        = {https://ui.adsabs.harvard.edu/abs/2018A&A...620A...5A},
  adsnote       = {Provided by the SAO/NASA Astrophysics Data System}
}

@article{ref:halofunction,
  author        = {{Watson}, William A. and {Iliev}, Ilian T. and {D'Aloisio}, Anson and {Knebe}, Alexander and {Shapiro}, Paul R. and {Yepes}, Gustavo},
  title         = {{The halo mass function through the cosmic ages}},
  journal       = {Monthly Notices of the Royal Astronomical Society},
  keywords      = {methods: numerical, galaxies: haloes, galaxies: high-redshift, cosmology: theory, dark matter, large-scale structure of Universe, Astrophysics - Cosmology and Nongalactic Astrophysics},
  year          = 2013,
  month         = aug,
  volume        = {433},
  number        = {2},
  pages         = {1230-1245},
  doi           = {10.1093/mnras/stt791},
  archiveprefix = {arXiv},
  eprint        = {1212.0095},
  primaryclass  = {astro-ph.CO},
  adsurl        = {https://ui.adsabs.harvard.edu/abs/2013MNRAS.433.1230W},
  adsnote       = {Provided by the SAO/NASA Astrophysics Data System}
}

@article{ref:pressSchechter,
  doi       = {10.1046/j.1365-8711.2001.04029.x},
  url       = {https://doi.org/10.1046%2Fj.1365-8711.2001.04029.x},
  year      = 2001,
  month     = {feb},
  publisher = {Oxford University Press ({OUP})},
  volume    = {321},
  number    = {2},
  pages     = {372--384},
  author    = {A. Jenkins and C. S. Frenk and S. D. M. White and J. M. Colberg and S. Cole and A. E. Evrard and H. M. P. Couchman and N. Yoshida},
  title     = {The mass function of dark matter haloes},
  journal   = {Monthly Notices of the Royal Astronomical Society}
}